datetime	issuance_year	coupon	maturity	price	yield	calc date	unit	quantity	trade_type
12/06/2023 02:10:06 PM	2023	4	12/01/2048	99.529	4.03	12/01/2048	100	50000	Customer bought
12/06/2023 02:10:03 PM	2023	4	12/01/2048	99.529	4.03	12/01/2048	100	50000	Inter-dealer trade
12/06/2023 01:15:27 PM	2023	4	12/01/2052	98.814	4.07	12/01/2052	100	10000	Customer bought
12/06/2023 01:15:24 PM	2023	4	12/01/2052	98.814	4.07	12/01/2052	100	10000	Inter-dealer trade
12/06/2023 12:30:12 PM	2013	3.5	11/01/2031	97.98	3.798	11/01/2031	100	5000	Customer bought
12/06/2023 12:30:12 PM	2013	3.5	11/01/2031	97.88	3.813	11/01/2031	100	5000	Inter-dealer trade
12/06/2023 12:30:12 PM	2013	3.5	11/01/2031	97.88	3.813	11/01/2031	100	5000	Inter-dealer trade
12/06/2023 11:38:50 AM	2023	4	12/01/2053	100.113	3.985	12/01/2032	100	10000	Customer bought
12/06/2023 11:38:50 AM	2023	4	12/01/2053	98.113	4.11	12/01/2053	100	10000	Inter-dealer trade
12/06/2023 11:38:48 AM	2023	4	12/01/2053	98.113	4.11	12/01/2053	100	10000	Inter-dealer trade
12/06/2023 11:38:48 AM	2023	4	12/01/2053	100.113	3.985	12/01/2032	100	10000	Customer bought
12/06/2023 11:38:47 AM	2023	4	12/01/2053	100.113	3.985	12/01/2032	100	10000	Customer bought
12/06/2023 11:38:47 AM	2023	4	12/01/2053	98.113	4.11	12/01/2053	100	10000	Inter-dealer trade
12/06/2023 11:34:59 AM	2023	4	12/01/2042	102.04	3.73	12/01/2032	100	125000	Customer bought
12/06/2023 11:28:36 AM	2023	4	12/01/2041	102.762	3.636	12/01/2032	100	230000	Customer bought
12/06/2023 11:26:13 AM	2017	3	12/01/2033	94.92	3.611	12/01/2033	100	50000	Inter-dealer trade
12/06/2023 11:26:13 AM	2017	3	12/01/2033	94.84	3.621	12/01/2033	100	50000	Customer sold
12/06/2023 11:13:55 AM	2022	4	10/15/2031	108.015	2.71	10/15/2030	100	25000	Customer bought
12/06/2023 10:57:20 AM	2023	4	12/01/2041	102.577	3.66	12/01/2032	100	50000	Customer bought
12/06/2023 10:57:20 AM	2023	4	12/01/2041	102.577	3.66	12/01/2032	100	50000	Inter-dealer trade
12/06/2023 10:28:32 AM	2023	4	12/01/2052	98.312	4.1	12/01/2052	100	5000	Inter-dealer trade
12/06/2023 10:28:32 AM	2023	4	12/01/2052	98.312	4.1	12/01/2052	100	5000	Customer bought
12/06/2023 10:11:06 AM	2023	4	12/01/2041	102.577	3.66	12/01/2032	100	15000	Customer bought
12/06/2023 10:11:06 AM	2023	4	12/01/2041	102.577	3.66	12/01/2032	100	15000	Inter-dealer trade
12/06/2023 09:45:37 AM	2021	2	09/15/2031	88.733	3.68	09/15/2031	100	155000	Inter-dealer trade
12/06/2023 09:45:37 AM	2021	2	09/15/2031	88.733	3.68	09/15/2031	100	155000	Customer bought
12/06/2023 08:44:41 AM	2023	4	12/01/2052	98.312	4.1	12/01/2052	100	50000	Customer bought
12/06/2023 08:30:35 AM	2023	4	12/01/2052	98.312	4.1	12/01/2052	100	5000	Customer bought
12/06/2023 08:30:35 AM	2023	4	12/01/2052	98.312	4.1	12/01/2052	100	5000	Inter-dealer trade
12/06/2023 07:45:12 AM	2023	4	12/01/2052	98.312	4.1	12/01/2052	100	10000	Customer bought
12/06/2023 07:45:12 AM	2023	4	12/01/2052	98.312	4.1	12/01/2052	100	10000	Inter-dealer trade
12/05/2023 04:26:16 PM	2023	4	12/01/2052	98.312	4.1	12/01/2052	100	100000	Customer bought
12/05/2023 04:26:16 PM	2023	4	12/01/2052	98.312	4.1	12/01/2052	100	100000	Inter-dealer trade
12/05/2023 04:03:37 PM	2023	4	12/01/2052	98.312	4.1	12/01/2052	100	30000	Customer bought
12/05/2023 04:03:37 PM	2023	4	12/01/2052	98.312	4.1	12/01/2052	100	30000	Inter-dealer trade
12/05/2023 04:02:51 PM	2023	4	12/01/2053	98.113	4.11	12/01/2053	100	20000	Customer bought
12/05/2023 04:02:51 PM	2023	4	12/01/2053	98.113	4.11	12/01/2053	100	20000	Inter-dealer trade
12/05/2023 03:10:26 PM	2010	2.875	08/15/2024	99.31	3.895	08/15/2024	100	10000	Inter-dealer trade
12/05/2023 03:10:26 PM	2010	2.875	08/15/2024	99.31	3.895	08/15/2024	100	10000	Inter-dealer trade
12/05/2023 03:10:26 PM	2010	2.875	08/15/2024	99.41	3.746	08/15/2024	100	10000	Customer bought
12/05/2023 03:02:48 PM	2010	2.875	08/15/2024	98.21	5.552	08/15/2024	100	10000	Customer sold
12/05/2023 03:02:48 PM	2010	2.875	08/15/2024	98.36	5.324	08/15/2024	100	10000	Inter-dealer trade
12/05/2023 03:02:33 PM	2023	4	12/01/2042	102.04	3.73	12/01/2032	100	50000	Customer bought
12/05/2023 03:02:29 PM	2023	4	12/01/2042	102.04	3.73	12/01/2032	100	50000	Inter-dealer trade
12/05/2023 03:02:29 PM	2023	4	12/01/2042	102.04	3.73	12/01/2032	100	50000	Inter-dealer trade
12/05/2023 03:02:00 PM	2023	4	12/01/2042	102.04	3.73	12/01/2032	100	50000	Inter-dealer trade
12/05/2023 02:50:37 PM	2023	4	12/01/2047	100.148	3.98	12/01/2032	100	25000	Customer bought
12/05/2023 02:50:37 PM	2023	4	12/01/2047	100.148	3.98	12/01/2032	100	25000	Inter-dealer trade
12/05/2023 02:23:30 PM	2023	4	12/01/2042	102.04	3.73	12/01/2032	100	100000	Inter-dealer trade
12/05/2023 02:23:30 PM	2023	4	12/01/2042	103.06	3.598	12/01/2032	100	100000	Customer bought
12/05/2023 02:04:45 PM	2023	4	12/01/2053	98.113	4.11	12/01/2053	100	25000	Inter-dealer trade
12/05/2023 02:04:45 PM	2023	4	12/01/2053	98.113	4.11	12/01/2053	100	25000	Customer bought
12/05/2023 02:03:34 PM	2023	4	12/01/2052	99.727	4.016	12/01/2052	100	50000	Customer bought
12/05/2023 01:11:56 PM	2021	2	09/15/2031	85.592	4.191	09/15/2031	100	25000	Customer sold
12/05/2023 01:11:56 PM	2021	2	09/15/2031	85.592	4.191	09/15/2031	100	25000	Inter-dealer trade
12/05/2023 01:06:24 PM	2023	4	12/01/2053	99.524	4.027	12/01/2053	100	100000	Customer bought
12/05/2023 11:32:14 AM	2023	4	12/01/2052	100.278	3.963	12/01/2032	100	100000	Customer bought
12/05/2023 11:32:10 AM	2023	4	12/01/2052	98.312	4.1	12/01/2052	100	100000	Inter-dealer trade
12/05/2023 11:32:10 AM	2023	4	12/01/2052	98.312	4.1	12/01/2052	100	100000	Inter-dealer trade
12/05/2023 11:32:00 AM	2023	4	12/01/2052	98.312	4.1	12/01/2052	100	100000	Inter-dealer trade
12/05/2023 11:29:31 AM	2023	4	12/01/2052	99.987	4.001	12/01/2052	100	25000	Customer bought
12/05/2023 11:29:27 AM	2023	4	12/01/2052	98.312	4.1	12/01/2052	100	25000	Inter-dealer trade
12/05/2023 11:29:27 AM	2023	4	12/01/2052	98.312	4.1	12/01/2052	100	25000	Inter-dealer trade
12/05/2023 11:29:00 AM	2023	4	12/01/2052	98.312	4.1	12/01/2052	100	25000	Inter-dealer trade
12/05/2023 11:11:19 AM	2023	4	12/01/2044	101.127	3.85	12/01/2032	100	500000	Customer bought
12/05/2023 11:11:19 AM	2023	4	12/01/2044	101.127	3.85	12/01/2032	100	500000	Inter-dealer trade
12/05/2023 10:11:14 AM	2023	4	12/01/2050	98.697	4.08	12/01/2050	100	25000	Inter-dealer trade
12/05/2023 10:11:14 AM	2023	4	12/01/2050	98.697	4.08	12/01/2050	100	25000	Customer bought
12/05/2023 09:19:50 AM	2022	5	10/15/2028	110.522	2.674	10/15/2028	100	20000	Customer sold
12/05/2023 07:37:30 AM	2023	4	12/01/2048	99.529	4.03	12/01/2048	100	5000	Customer bought
12/05/2023 07:37:30 AM	2023	4	12/01/2048	99.529	4.03	12/01/2048	100	5000	Inter-dealer trade
12/04/2023 04:27:57 PM	2023	5	12/01/2033	119.437	2.56	12/01/2032	100	25000	Customer bought
12/04/2023 03:51:45 PM	2023	4	12/01/2041	102.577	3.66	12/01/2032	100	35000	Inter-dealer trade
12/04/2023 03:51:45 PM	2023	4	12/01/2041	102.577	3.66	12/01/2032	100	35000	Customer bought
12/04/2023 03:51:08 PM	2021	2	09/15/2034	80.033	4.339	09/15/2034	100	25000	Customer bought
12/04/2023 03:51:08 PM	2021	2	09/15/2034	79.833	4.366	09/15/2034	100	25000	Customer sold
12/04/2023 03:51:08 PM	2021	2	09/15/2034	80.033	4.339	09/15/2034	100	25000	Inter-dealer trade
12/04/2023 03:51:07 PM	2021	2	09/15/2034	80.033	4.339	09/15/2034	100	25000	Inter-dealer trade
12/04/2023 03:50:52 PM	2023	4	12/01/2041	102.577	3.66	12/01/2032	100	50000	Inter-dealer trade
12/04/2023 03:50:52 PM	2023	4	12/01/2041	102.577	3.66	12/01/2032	100	50000	Customer bought
12/04/2023 03:21:26 PM	2023	4	12/01/2053	98.113	4.11	12/01/2053	100	10000	Inter-dealer trade
12/04/2023 03:21:26 PM	2023	4	12/01/2053	98.113	4.11	12/01/2053	100	10000	Customer bought
12/04/2023 02:26:37 PM	2022	4	10/15/2040	102.483	3.633	10/15/2031	100	65000	Inter-dealer trade
12/04/2023 02:26:37 PM	2022	4	10/15/2040	102.383	3.648	10/15/2031	100	65000	Customer sold
12/04/2023 02:26:37 PM	2022	4	10/15/2040	103.983	3.417	10/15/2031	100	65000	Customer bought
12/04/2023 02:26:37 PM	2022	4	10/15/2040	102.483	3.633	10/15/2031	100	65000	Inter-dealer trade
12/04/2023 01:18:37 PM	2023	4	12/01/2047	100.148	3.98	12/01/2032	100	100000	Customer bought
12/04/2023 01:18:37 PM	2023	4	12/01/2047	100.148	3.98	12/01/2032	100	100000	Inter-dealer trade
12/04/2023 12:59:48 PM	2023	4	12/01/2053	98.113	4.11	12/01/2053	100	10000	Customer bought
12/04/2023 12:59:48 PM	2023	4	12/01/2053	98.113	4.11	12/01/2053	100	10000	Inter-dealer trade
12/04/2023 12:30:33 PM	2023	4	12/01/2052	99.562	4.026	12/01/2052	100	100000	Customer bought
12/04/2023 12:30:31 PM	2023	4	12/01/2052	98.312	4.1	12/01/2052	100	100000	Inter-dealer trade
12/04/2023 12:00:15 PM	2023	4	12/01/2053	98.113	4.11	12/01/2053	100	5000	Inter-dealer trade
12/04/2023 12:00:15 PM	2023	4	12/01/2053	98.113	4.11	12/01/2053	100	5000	Customer bought
12/04/2023 11:59:56 AM	2023	4	12/01/2053	98.113	4.11	12/01/2053	100	5000	Inter-dealer trade
12/04/2023 11:59:56 AM	2023	4	12/01/2053	98.313	4.098	12/01/2053	100	5000	Customer bought
12/04/2023 11:33:19 AM	2023	4	12/01/2050	99.536	4.028	12/01/2050	100	150000	Customer bought
12/04/2023 11:33:13 AM	2023	4	12/01/2050	98.536	4.09	12/01/2050	100	150000	Inter-dealer trade
12/04/2023 11:18:00 AM	2021	2	09/15/2034	79.849	4.364	09/15/2034	100	100000	Customer sold
12/04/2023 11:18:00 AM	2021	2	09/15/2034	79.949	4.35	09/15/2034	100	100000	Customer bought
12/14/2023 08:09:01 AM	2023	4	12/01/2050	100.098	3.987	12/01/2032	100	10000	Customer bought
12/14/2023 08:08:58 AM	2023	4	12/01/2050	99.998	4	12/01/2050	100	10000	Inter-dealer trade
12/14/2023 08:08:58 AM	2023	4	12/01/2050	99.998	4	12/01/2050	100	10000	Inter-dealer trade
12/14/2023 08:08:29 AM	2023	4	12/01/2050	99.998	4	12/01/2050	100	10000	Inter-dealer trade
12/14/2023 08:08:29 AM	2023	4	12/01/2050	100.098	3.987	12/01/2032	100	10000	Customer bought
12/14/2023 08:08:26 AM	2023	4	12/01/2050	99.998	4	12/01/2050	100	10000	Inter-dealer trade
12/14/2023 08:08:26 AM	2023	4	12/01/2050	99.998	4	12/01/2050	100	10000	Inter-dealer trade
12/13/2023 04:37:02 PM	2021	2	09/15/2031	85.614	4.193	09/15/2031	100	5000	Inter-dealer trade
12/13/2023 04:36:57 PM	2021	2	09/15/2031	86.114	4.11	09/15/2031	100	5000	Customer bought
12/13/2023 03:32:18 PM	2023	4	12/01/2048	99.473	4.034	12/01/2048	100	25000	Customer bought
12/13/2023 03:32:18 PM	2023	4	12/01/2048	99.373	4.04	12/01/2048	100	25000	Inter-dealer trade
12/13/2023 03:32:15 PM	2023	4	12/01/2048	99.373	4.04	12/01/2048	100	25000	Inter-dealer trade
12/13/2023 03:32:15 PM	2023	4	12/01/2048	99.373	4.04	12/01/2048	100	25000	Inter-dealer trade
12/13/2023 03:27:17 PM	2021	5	09/15/2025	103.988	2.65	09/15/2025	100	120000	Customer bought
12/13/2023 02:32:06 PM	2021	3	09/15/2032	99.084	3.12	09/15/2032	100	135000	Customer bought
12/13/2023 02:01:59 PM	2023	4	12/01/2048	99.473	4.034	12/01/2048	100	20000	Customer bought
12/13/2023 02:01:59 PM	2023	4	12/01/2048	99.373	4.04	12/01/2048	100	20000	Inter-dealer trade
12/13/2023 02:01:55 PM	2023	4	12/01/2048	99.373	4.04	12/01/2048	100	20000	Inter-dealer trade
12/13/2023 02:01:55 PM	2023	4	12/01/2048	99.373	4.04	12/01/2048	100	20000	Inter-dealer trade
12/13/2023 01:39:43 PM	2021	3	09/15/2032	97	3.399	09/15/2032	100	425000	Inter-dealer trade
12/13/2023 01:39:43 PM	2021	3	09/15/2032	96.851	3.419	09/15/2032	100	425000	Customer sold
12/13/2023 01:17:17 PM	2022	5	10/15/2029	112.37	2.694	10/15/2029	100	10000	Customer sold
12/13/2023 01:17:17 PM	2022	5	10/15/2029	112.37	2.694	10/15/2029	100	10000	Inter-dealer trade
12/13/2023 12:06:23 PM	2019	2.5	09/01/2033	87.248	4.105	09/01/2033	100	65000	Inter-dealer trade
12/13/2023 12:06:23 PM	2019	2.5	09/01/2033	87.248	4.105	09/01/2033	100	65000	Inter-dealer trade
12/13/2023 12:06:23 PM	2019	2.5	09/01/2033	87.348	4.091	09/01/2033	100	65000	Customer bought
12/13/2023 12:06:23 PM	2019	2.5	09/01/2033	87.148	4.119	09/01/2033	100	65000	Customer sold
12/13/2023 11:08:00 AM	2021	5	09/15/2025	103.597	2.875	09/15/2025	100	20000	Inter-dealer trade
12/13/2023 11:07:59 AM	2021	5	09/15/2025	103.657	2.841	09/15/2025	100	20000	Inter-dealer trade
12/13/2023 10:20:12 AM	2022	5	10/15/2025	103.81	2.85	10/15/2025	100	80000	Customer bought
12/13/2023 10:14:36 AM	2021	5	09/15/2025	103.68	2.827	09/15/2025	100	100000	Customer sold
12/13/2023 10:14:36 AM	2021	5	09/15/2025	103.68	2.827	09/15/2025	100	100000	Inter-dealer trade
12/12/2023 03:25:39 PM	2021	5	09/15/2025	103.103	3.166	09/15/2025	100	20000	Customer sold
12/12/2023 03:25:00 PM	2019	5	09/01/2024	101.067	3.472	09/01/2024	100	25000	Customer sold
12/12/2023 03:08:42 PM	2023	4	12/01/2050	98.697	4.08	12/01/2050	100	50000	Customer bought
12/12/2023 03:06:50 PM	2023	4	12/01/2050	98.697	4.08	12/01/2050	100	50000	Inter-dealer trade
12/12/2023 03:06:50 PM	2023	4	12/01/2050	98.697	4.08	12/01/2050	100	50000	Inter-dealer trade
12/12/2023 02:11:02 PM	2023	4	12/01/2048	99.998	4	12/01/2048	100	55000	Customer bought
12/12/2023 02:11:00 PM	2023	4	12/01/2048	99.373	4.04	12/01/2048	100	55000	Inter-dealer trade
12/12/2023 02:10:57 PM	2023	4	12/01/2048	99.373	4.04	12/01/2048	100	55000	Inter-dealer trade
12/12/2023 02:10:57 PM	2023	4	12/01/2048	99.373	4.04	12/01/2048	100	55000	Inter-dealer trade
12/12/2023 01:43:00 PM	2022	5	10/15/2028	110.451	2.682	10/15/2028	100	15000	Customer sold
12/12/2023 01:30:46 PM	2016	3	11/01/2034	92.837	3.81	11/01/2034	100	165000	Customer bought
12/12/2023 12:32:07 PM	2016	3	11/01/2034	91.035	4.025	11/01/2034	100	165000	Inter-dealer trade
12/12/2023 12:32:07 PM	2016	3	11/01/2034	91.035	4.025	11/01/2034	100	165000	Inter-dealer trade
12/12/2023 12:32:07 PM	2016	3	11/01/2034	91.07	4.021	11/01/2034	100	165000	Inter-dealer trade
12/12/2023 12:32:07 PM	2016	3	11/01/2034	90.935	4.037	11/01/2034	100	165000	Customer sold
12/11/2023 02:19:57 PM	2023	4	12/01/2050	98.797	4.074	12/01/2050	100	20000	Customer bought
12/11/2023 02:19:53 PM	2023	4	12/01/2050	98.697	4.08	12/01/2050	100	20000	Inter-dealer trade
12/11/2023 02:19:53 PM	2023	4	12/01/2050	98.697	4.08	12/01/2050	100	20000	Inter-dealer trade
12/11/2023 01:21:02 PM	2022	5	10/15/2028	111.469	2.47	10/15/2028	100	100000	Customer bought
12/11/2023 01:20:35 PM	2022	5	10/15/2028	111.425	2.479	10/15/2028	100	100000	Customer sold
12/11/2023 12:33:00 PM	2013	3	11/01/2026	100	2.962	01/10/2024	100	40000	Customer bought
12/11/2023 12:28:12 PM	2013	3	11/01/2026	99.642	3.13	11/01/2026	100	40000	Inter-dealer trade
12/11/2023 12:28:12 PM	2013	3	11/01/2026	99.642	3.13	11/01/2026	100	40000	Inter-dealer trade
12/11/2023 12:08:58 PM	2023	4	12/01/2048	99.217	4.05	12/01/2048	100	25000	Customer bought
12/11/2023 12:08:41 PM	2023	4	12/01/2048	99.217	4.05	12/01/2048	100	25000	Customer bought
12/11/2023 11:59:59 AM	2021	2	09/15/2035	78.45	4.362	09/15/2035	100	20000	Customer sold
12/11/2023 11:59:59 AM	2021	2	09/15/2035	78.51	4.355	09/15/2035	100	20000	Customer bought
12/11/2023 11:38:35 AM	2021	2	09/15/2035	78.427	4.365	09/15/2035	100	35000	Customer sold
12/11/2023 11:38:35 AM	2021	2	09/15/2035	78.577	4.346	09/15/2035	100	35000	Customer bought
12/11/2023 11:29:15 AM	2023	4	12/01/2048	99.217	4.05	12/01/2048	100	50000	Inter-dealer trade
12/11/2023 10:57:00 AM	2022	5	10/15/2025	103.445	3.057	10/15/2025	100	20000	Customer sold
12/11/2023 10:43:04 AM	2021	5	09/15/2030	113.148	2.53	09/15/2029	100	20000	Customer bought
12/08/2023 01:17:03 PM	2019	2.25	09/01/2032	86.476	4.111	09/01/2032	100	15000	Customer sold
12/08/2023 01:17:03 PM	2019	2.25	09/01/2032	86.476	4.111	09/01/2032	100	15000	Inter-dealer trade
12/08/2023 01:17:03 PM	2019	2.25	09/01/2032	86.726	4.074	09/01/2032	100	15000	Inter-dealer trade
12/08/2023 01:17:03 PM	2019	2.25	09/01/2032	86.791	4.064	09/01/2032	100	15000	Customer bought
12/08/2023 12:14:45 PM	2013	3	11/01/2026	98.999	3.366	11/01/2026	100	40000	Customer sold
12/08/2023 12:14:45 PM	2013	3	11/01/2026	98.999	3.366	11/01/2026	100	40000	Inter-dealer trade
12/08/2023 11:42:58 AM	2023	4	12/01/2048	99.529	4.03	12/01/2048	100	45000	Inter-dealer trade
12/08/2023 11:42:58 AM	2023	4	12/01/2048	100.004	3.999	12/01/2032	100	45000	Customer bought
12/08/2023 11:42:58 AM	2023	4	12/01/2048	99.904	4.006	12/01/2048	100	45000	Inter-dealer trade
12/08/2023 11:42:58 AM	2023	4	12/01/2048	99.529	4.03	12/01/2048	100	45000	Inter-dealer trade
12/08/2023 11:05:42 AM	2019	5	09/01/2026	105.798	2.77	09/01/2026	100	5000	Inter-dealer trade
12/08/2023 11:05:38 AM	2019	5	09/01/2026	105.798	2.77	09/01/2026	100	5000	Customer bought
12/08/2023 10:30:56 AM	2023	4	12/01/2050	99.182	4.05	12/01/2050	100	30000	Inter-dealer trade
12/08/2023 10:30:56 AM	2023	4	12/01/2050	99.182	4.05	12/01/2050	100	30000	Inter-dealer trade
12/08/2023 10:30:56 AM	2023	4	12/01/2050	99.557	4.027	12/01/2050	100	30000	Inter-dealer trade
12/08/2023 10:30:56 AM	2023	4	12/01/2050	99.657	4.021	12/01/2050	100	30000	Customer bought
12/08/2023 09:54:04 AM	2014	3	11/01/2033	91.329	4.074	11/01/2033	100	100000	Customer sold
12/08/2023 09:54:04 AM	2014	3	11/01/2033	91.529	4.048	11/01/2033	100	100000	Inter-dealer trade
12/08/2023 09:54:01 AM	2014	3	11/01/2033	91.589	4.04	11/01/2033	100	100000	Inter-dealer trade
12/07/2023 03:59:11 PM	2023	4	12/01/2045	103.506	3.54	12/01/2032	100	200000	Customer bought
12/07/2023 03:57:00 PM	2023	4	12/01/2045	101.506	3.8	12/01/2032	100	200000	Inter-dealer trade
12/07/2023 03:57:00 PM	2023	4	12/01/2045	101.506	3.8	12/01/2032	100	200000	Inter-dealer trade
12/07/2023 11:31:43 AM	2022	5	10/15/2025	103.784	2.877	10/15/2025	100	80000	Customer sold
12/07/2023 10:57:32 AM	2023	4	12/01/2052	98.814	4.07	12/01/2052	100	80000	Inter-dealer trade
12/07/2023 10:57:32 AM	2023	4	12/01/2052	98.814	4.07	12/01/2052	100	80000	Inter-dealer trade
12/07/2023 10:57:32 AM	2023	4	12/01/2052	98.814	4.07	12/01/2052	100	80000	Customer bought
12/06/2023 04:15:04 PM	2019	2.125	09/01/2031	84.102	4.591	09/01/2031	100	5000	Customer sold
12/06/2023 04:15:04 PM	2019	2.125	09/01/2031	84.524	4.519	09/01/2031	100	5000	Inter-dealer trade
12/06/2023 04:15:02 PM	2019	2.125	09/01/2031	85.024	4.434	09/01/2031	100	5000	Customer bought
12/06/2023 03:36:25 PM	2023	4	12/01/2048	100.104	3.986	12/01/2032	100	5000	Customer bought
12/06/2023 03:36:25 PM	2023	4	12/01/2048	99.904	4.006	12/01/2048	100	5000	Inter-dealer trade
12/06/2023 03:36:25 PM	2023	4	12/01/2048	99.529	4.03	12/01/2048	100	5000	Inter-dealer trade
12/06/2023 03:36:25 PM	2023	4	12/01/2048	99.529	4.03	12/01/2048	100	5000	Inter-dealer trade
12/06/2023 02:30:19 PM	2023	4	12/01/2053	98.113	4.11	12/01/2053	100	25000	Inter-dealer trade
12/06/2023 02:30:19 PM	2023	4	12/01/2053	100.32	3.957	12/01/2032	100	25000	Customer bought
12/06/2023 02:30:19 PM	2023	4	12/01/2053	98.113	4.11	12/01/2053	100	25000	Inter-dealer trade
12/29/2023 12:40:29 PM	2021	5	09/15/2030	114.216	2.322	09/15/2029	100	45000	Customer sold
12/29/2023 12:40:29 PM	2021	5	09/15/2030	114.566	2.261	09/15/2029	100	45000	Customer bought
12/29/2023 12:40:29 PM	2021	5	09/15/2030	114.316	2.305	09/15/2029	100	45000	Inter-dealer trade
12/29/2023 10:05:55 AM	2022	5	10/15/2028	111.871	2.36	10/15/2028	100	20000	Customer bought
12/28/2023 03:09:52 PM	2022	5	10/15/2030	117.903	2.15	10/15/2030	100	50000	Customer bought
12/28/2023 03:03:11 PM	2022	5	10/15/2030	117.219	2.249	10/15/2030	100	50000	Customer sold
12/28/2023 01:56:15 PM	2021	2	09/15/2034	86.34	3.545	09/15/2034	100	60000	Customer bought
12/28/2023 01:56:15 PM	2021	2	09/15/2034	85.24	3.681	09/15/2034	100	60000	Customer sold
12/28/2023 01:56:15 PM	2021	2	09/15/2034	85.34	3.668	09/15/2034	100	60000	Inter-dealer trade
12/28/2023 12:34:08 PM	2017	5	12/01/2026	106.836	2.55	12/01/2026	100	15000	Inter-dealer trade
12/28/2023 12:34:06 PM	2017	5	12/01/2026	106.836	2.55	12/01/2026	100	15000	Customer bought
12/27/2023 01:40:22 PM	2021	5	09/15/2027	109.175	2.4	09/15/2027	100	10000	Inter-dealer trade
12/27/2023 01:40:22 PM	2021	5	09/15/2027	109.175	2.4	09/15/2027	100	10000	Customer bought
12/27/2023 01:35:27 PM	2019	2.5	09/01/2033	91.6	3.533	09/01/2033	100	40000	Inter-dealer trade
12/27/2023 01:35:27 PM	2019	2.5	09/01/2033	92.285	3.444	09/01/2033	100	40000	Customer bought
12/27/2023 01:35:27 PM	2019	2.5	09/01/2033	91.45	3.552	09/01/2033	100	40000	Customer sold
12/27/2023 11:35:01 AM	2021	2	09/15/2036	79.842	4.044	09/15/2036	100	30000	Customer sold
12/27/2023 11:35:01 AM	2021	2	09/15/2036	79.842	4.044	09/15/2036	100	30000	Inter-dealer trade
12/27/2023 11:05:48 AM	2014	3	11/01/2033	95.563	3.538	11/01/2033	100	100000	Inter-dealer trade
12/27/2023 11:05:48 AM	2014	3	11/01/2033	95.623	3.53	11/01/2033	100	100000	Inter-dealer trade
12/22/2023 11:47:27 AM	2017	5	12/01/2025	103.621	3.05	12/01/2025	100	10000	Customer bought
12/22/2023 11:47:26 AM	2017	5	12/01/2025	103.401	3.166	12/01/2025	100	10000	Customer sold
12/22/2023 11:47:26 AM	2017	5	12/01/2025	103.521	3.103	12/01/2025	100	10000	Inter-dealer trade
12/22/2023 11:26:53 AM	2017	3	12/01/2036	94.208	3.563	12/01/2036	100	35000	Inter-dealer trade
12/22/2023 11:26:53 AM	2017	3	12/01/2036	94.208	3.563	12/01/2036	100	35000	Customer sold
12/22/2023 11:26:00 AM	2017	3	12/01/2035	95.679	3.445	12/01/2035	100	25000	Inter-dealer trade
12/22/2023 11:26:00 AM	2017	3	12/01/2035	95.679	3.445	12/01/2035	100	25000	Customer sold
12/22/2023 10:04:00 AM	2022	5	10/15/2025	104.013	2.699	10/15/2025	100	20000	Customer bought
12/22/2023 09:23:30 AM	2022	5	10/15/2029	115.061	2.218	10/15/2029	100	10000	Customer bought
12/21/2023 02:02:03 PM	2023	4	12/01/2047	101.122	3.85	12/01/2032	100	15000	Customer bought
12/21/2023 01:58:18 PM	2023	4	12/01/2047	101.122	3.85	12/01/2032	100	15000	Inter-dealer trade
12/21/2023 01:58:18 PM	2023	4	12/01/2047	101.122	3.85	12/01/2032	100	15000	Inter-dealer trade
12/21/2023 01:07:58 PM	2023	4	12/01/2047	101.122	3.85	12/01/2032	100	5000	Inter-dealer trade
12/21/2023 01:07:58 PM	2023	4	12/01/2047	101.322	3.824	12/01/2032	100	5000	Customer bought
12/21/2023 11:24:33 AM	2021	2	09/15/2033	84.376	3.951	09/15/2033	100	15000	Customer sold
12/21/2023 11:24:33 AM	2021	2	09/15/2033	84.376	3.951	09/15/2033	100	15000	Inter-dealer trade
12/21/2023 10:20:49 AM	2018	5	12/01/2028	109.462	2.459	12/01/2027	100	25000	Customer sold
12/21/2023 10:20:49 AM	2018	5	12/01/2028	109.527	2.443	12/01/2027	100	25000	Inter-dealer trade
12/21/2023 10:20:49 AM	2018	5	12/01/2028	109.627	2.417	12/01/2027	100	25000	Customer bought
12/20/2023 11:36:10 AM	2021	2	09/15/2031	86.265	4.09	09/15/2031	100	20000	Customer sold
12/20/2023 11:36:10 AM	2021	2	09/15/2031	86.265	4.09	09/15/2031	100	20000	Inter-dealer trade
12/20/2023 11:36:10 AM	2021	2	09/15/2031	86.35	4.076	09/15/2031	100	20000	Inter-dealer trade
12/20/2023 10:49:07 AM	2023	4	12/01/2047	101.323	3.824	12/01/2032	100	5000	Customer bought
12/20/2023 10:49:04 AM	2023	4	12/01/2047	101.123	3.85	12/01/2032	100	5000	Inter-dealer trade
12/20/2023 10:49:04 AM	2023	4	12/01/2047	101.123	3.85	12/01/2032	100	5000	Inter-dealer trade
12/20/2023 10:46:30 AM	2021	5	09/15/2027	109.221	2.4	09/15/2027	100	20000	Inter-dealer trade
12/20/2023 10:46:30 AM	2021	5	09/15/2027	109.221	2.4	09/15/2027	100	20000	Customer bought
12/20/2023 09:02:16 AM	2017	3	12/01/2033	99.148	3.1	12/01/2033	100	10000	Inter-dealer trade
12/20/2023 09:02:16 AM	2017	3	12/01/2033	99.148	3.1	12/01/2033	100	10000	Customer bought
12/19/2023 01:36:29 PM	2017	3	12/01/2033	98.558	3.17	12/01/2033	100	10000	Customer bought
12/19/2023 01:36:29 PM	2017	3	12/01/2033	98.558	3.17	12/01/2033	100	10000	Inter-dealer trade
12/19/2023 10:57:39 AM	2018	5	12/01/2028	108.611	2.684	12/01/2027	100	25000	Customer sold
12/19/2023 10:57:39 AM	2018	5	12/01/2028	108.711	2.659	12/01/2027	100	25000	Customer bought
12/19/2023 10:38:14 AM	2023	4	12/01/2047	101.124	3.85	12/01/2032	100	25000	Inter-dealer trade
12/19/2023 10:38:14 AM	2023	4	12/01/2047	101.124	3.85	12/01/2032	100	25000	Inter-dealer trade
12/19/2023 10:38:14 AM	2023	4	12/01/2047	101.124	3.85	12/01/2032	100	25000	Customer bought
12/19/2023 10:28:03 AM	2023	4	12/01/2047	101.124	3.85	12/01/2032	100	100000	Inter-dealer trade
12/19/2023 10:28:03 AM	2023	4	12/01/2047	101.224	3.837	12/01/2032	100	100000	Customer bought
12/19/2023 10:28:00 AM	2023	4	12/01/2047	101.124	3.85	12/01/2032	100	100000	Inter-dealer trade
12/19/2023 10:28:00 AM	2023	4	12/01/2047	101.124	3.85	12/01/2032	100	100000	Inter-dealer trade
12/19/2023 09:16:52 AM	2017	3	12/01/2033	97.473	3.3	12/01/2033	100	50000	Customer bought
12/18/2023 04:29:01 PM	2018	3.5	12/01/2035	98.318	3.675	12/01/2035	100	5000	Customer bought
12/18/2023 04:29:01 PM	2018	3.5	12/01/2035	98.318	3.675	12/01/2035	100	5000	Inter-dealer trade
12/18/2023 04:29:00 PM	2018	3.5	12/01/2035	98.118	3.696	12/01/2035	100	5000	Inter-dealer trade
12/18/2023 02:31:07 PM	2021	5	09/15/2027	108.674	2.55	09/15/2027	100	30000	Customer sold
12/18/2023 02:04:25 PM	2019	5	09/01/2026	106.308	2.563	09/01/2026	100	10000	Customer bought
12/18/2023 02:04:12 PM	2019	5	09/01/2026	106.208	2.6	09/01/2026	100	10000	Inter-dealer trade
12/18/2023 02:04:00 PM	2018	3.5	12/01/2035	96.279	3.892	12/01/2035	100	5000	Customer sold
12/18/2023 11:53:08 AM	2022	5	10/15/2029	114.683	2.29	10/15/2029	100	25000	Customer bought
12/18/2023 11:11:16 AM	2018	3.5	12/01/2035	98.157	3.692	12/01/2035	100	20000	Customer bought
12/18/2023 11:11:16 AM	2018	3.5	12/01/2035	97.907	3.718	12/01/2035	100	20000	Inter-dealer trade
12/18/2023 11:11:16 AM	2018	3.5	12/01/2035	98.157	3.692	12/01/2035	100	20000	Inter-dealer trade
12/18/2023 10:54:00 AM	2019	5	09/01/2024	101.302	3.091	09/01/2024	100	25000	Customer bought
12/18/2023 10:45:12 AM	2022	5	10/15/2028	111.763	2.4	10/15/2028	100	15000	Customer bought
12/18/2023 10:38:00 AM	2022	5	10/15/2028	111.666	2.42	10/15/2028	100	15000	Inter-dealer trade
12/18/2023 10:23:23 AM	2023	4	12/01/2048	100.371	3.95	12/01/2032	100	130000	Customer bought
12/18/2023 10:23:23 AM	2023	4	12/01/2048	100.371	3.95	12/01/2032	100	130000	Inter-dealer trade
12/15/2023 12:19:28 PM	2021	2	09/15/2035	80.721	4.083	09/15/2035	100	20000	Customer sold
12/15/2023 12:19:28 PM	2021	2	09/15/2035	80.721	4.083	09/15/2035	100	20000	Inter-dealer trade
12/15/2023 11:02:13 AM	2023	4	12/01/2050	99.998	4	12/01/2050	100	50000	Inter-dealer trade
12/15/2023 11:02:13 AM	2023	4	12/01/2050	99.998	4	12/01/2050	100	50000	Inter-dealer trade
12/15/2023 11:02:12 AM	2023	4	12/01/2050	102.373	3.686	12/01/2032	100	50000	Customer bought
12/15/2023 11:02:12 AM	2023	4	12/01/2050	100.373	3.95	12/01/2032	100	50000	Inter-dealer trade
12/14/2023 03:58:06 PM	2023	4	12/01/2050	100.098	3.987	12/01/2032	100	5000	Customer bought
12/14/2023 03:58:06 PM	2023	4	12/01/2050	99.998	4	12/01/2050	100	5000	Inter-dealer trade
12/14/2023 03:58:02 PM	2023	4	12/01/2050	99.998	4	12/01/2050	100	5000	Inter-dealer trade
12/14/2023 03:58:02 PM	2023	4	12/01/2050	99.998	4	12/01/2050	100	5000	Inter-dealer trade
12/14/2023 03:13:57 PM	2017	3	12/01/2033	94.823	3.624	12/01/2033	100	10000	Customer bought
12/14/2023 03:13:57 PM	2017	3	12/01/2033	94.073	3.718	12/01/2033	100	10000	Inter-dealer trade
12/14/2023 03:13:56 PM	2017	3	12/01/2033	93.643	3.772	12/01/2033	100	10000	Customer sold
12/14/2023 03:13:56 PM	2017	3	12/01/2033	93.843	3.747	12/01/2033	100	10000	Inter-dealer trade
12/14/2023 02:40:18 PM	2018	3.5	12/01/2035	97.08	3.806	12/01/2035	100	20000	Customer sold
12/14/2023 02:38:57 PM	2017	3	12/01/2037	89.027	4.036	12/01/2037	100	50000	Customer sold
12/14/2023 02:22:32 PM	2023	4	12/01/2050	99.998	4	12/01/2050	100	25000	Customer bought
12/14/2023 02:22:28 PM	2023	4	12/01/2050	99.998	4	12/01/2050	100	25000	Inter-dealer trade
12/14/2023 01:12:35 PM	2023	4	12/01/2045	101.504	3.8	12/01/2032	100	365000	Customer bought
12/14/2023 08:18:13 AM	2023	4	12/01/2050	99.998	4	12/01/2050	100	15000	Customer bought
12/14/2023 08:18:08 AM	2023	4	12/01/2050	99.998	4	12/01/2050	100	15000	Inter-dealer trade
12/14/2023 08:09:22 AM	2021	3	09/15/2032	100.38	2.927	09/15/2029	100	290000	Customer bought
12/14/2023 08:09:01 AM	2023	4	12/01/2050	99.998	4	12/01/2050	100	10000	Inter-dealer trade
12/04/2023 11:17:59 AM	2021	2	09/15/2034	79.949	4.35	09/15/2034	100	100000	Inter-dealer trade
12/04/2023 11:17:59 AM	2021	2	09/15/2034	79.949	4.35	09/15/2034	100	100000	Inter-dealer trade
12/04/2023 10:31:19 AM	2019	5	09/01/2027	108.377	2.63	09/01/2027	100	50000	Customer bought
12/04/2023 10:26:37 AM	2023	4	12/01/2042	102.04	3.73	12/01/2032	100	25000	Inter-dealer trade
12/04/2023 10:26:37 AM	2023	4	12/01/2042	102.04	3.73	12/01/2032	100	25000	Customer bought
12/04/2023 10:26:36 AM	2023	4	12/01/2052	98.312	4.1	12/01/2052	100	5000	Inter-dealer trade
12/04/2023 10:26:36 AM	2023	4	12/01/2052	98.312	4.1	12/01/2052	100	5000	Customer bought
12/04/2023 10:26:34 AM	2023	4	12/01/2053	98.113	4.11	12/01/2053	100	5000	Customer bought
12/04/2023 10:26:34 AM	2023	4	12/01/2053	98.113	4.11	12/01/2053	100	5000	Inter-dealer trade
12/04/2023 10:26:32 AM	2023	4	12/01/2053	98.113	4.11	12/01/2053	100	10000	Customer bought
12/04/2023 10:26:32 AM	2023	4	12/01/2053	98.113	4.11	12/01/2053	100	10000	Inter-dealer trade
12/04/2023 10:26:29 AM	2023	4	12/01/2052	98.312	4.1	12/01/2052	100	100000	Customer bought
12/04/2023 10:26:29 AM	2023	4	12/01/2052	98.312	4.1	12/01/2052	100	100000	Inter-dealer trade
12/04/2023 09:21:31 AM	2023	4	12/01/2046	100.448	3.94	12/01/2032	100	575000	Customer bought
12/04/2023 09:21:31 AM	2023	4	12/01/2046	100.448	3.94	12/01/2032	100	575000	Inter-dealer trade
12/01/2023 03:34:47 PM	2017	3	12/01/2036	88.172	4.19	12/01/2036	100	20000	Inter-dealer trade
12/01/2023 03:34:47 PM	2017	3	12/01/2036	88.172	4.19	12/01/2036	100	20000	Customer bought
12/01/2023 03:30:49 PM	2023	4	12/01/2053	98.588	4.082	12/01/2053	100	10000	Customer bought
12/01/2023 03:30:49 PM	2023	4	12/01/2053	98.113	4.11	12/01/2053	100	10000	Inter-dealer trade
12/01/2023 03:30:49 PM	2023	4	12/01/2053	98.488	4.088	12/01/2053	100	10000	Inter-dealer trade
12/01/2023 03:30:49 PM	2023	4	12/01/2053	97.863	4.125	12/01/2053	100	10000	Inter-dealer trade
12/01/2023 02:24:44 PM	2023	4	12/01/2042	102.04	3.73	12/01/2032	100	20000	Inter-dealer trade
12/01/2023 02:24:44 PM	2023	4	12/01/2042	102.04	3.73	12/01/2032	100	20000	Customer bought
12/01/2023 02:05:00 PM	2023	5	12/01/2033	119.037	2.605	12/01/2032	100	25000	Customer sold
12/01/2023 01:55:56 PM	2022	4	10/15/2031	106.576	2.934	10/15/2030	100	25000	Inter-dealer trade
12/01/2023 01:55:56 PM	2022	4	10/15/2031	106.566	2.936	10/15/2030	100	25000	Customer sold
12/01/2023 12:56:08 PM	2023	4	12/01/2053	98.113	4.11	12/01/2053	100	125000	Customer bought
12/01/2023 12:52:38 PM	2023	4	12/01/2051	98.343	4.1	12/01/2051	100	570000	Customer bought
12/01/2023 12:43:49 PM	2023	4	12/01/2049	98.724	4.08	12/01/2049	100	630000	Customer bought
12/01/2023 12:41:46 PM	2023	4	12/01/2048	99.529	4.03	12/01/2048	100	25000	Inter-dealer trade
12/01/2023 12:41:46 PM	2023	4	12/01/2048	99.529	4.03	12/01/2048	100	25000	Customer bought
12/01/2023 12:28:14 PM	2023	4	12/01/2041	102.577	3.66	12/01/2032	100	135000	Customer bought
12/01/2023 12:28:14 PM	2023	4	12/01/2041	102.577	3.66	12/01/2032	100	135000	Inter-dealer trade
12/01/2023 11:52:49 AM	2023	4	12/01/2053	98.113	4.11	12/01/2053	100	5000	Customer bought
12/01/2023 11:52:49 AM	2023	4	12/01/2053	98.113	4.11	12/01/2053	100	5000	Inter-dealer trade
12/01/2023 11:29:18 AM	2019	5	09/01/2027	108.241	2.668	09/01/2027	100	25000	Customer sold
12/01/2023 11:10:32 AM	2023	4	12/01/2047	100.148	3.98	12/01/2032	100	270000	Inter-dealer trade
12/01/2023 11:10:32 AM	2023	4	12/01/2047	100.148	3.98	12/01/2032	100	270000	Customer bought
12/01/2023 10:24:29 AM	2023	4	12/01/2051	98.507	4.09	12/01/2051	100	100000	Inter-dealer trade
12/01/2023 10:24:29 AM	2023	4	12/01/2051	98.507	4.09	12/01/2051	100	100000	Inter-dealer trade
12/01/2023 10:24:28 AM	2023	4	12/01/2051	100.882	3.882	12/01/2032	100	100000	Customer bought
12/01/2023 10:24:28 AM	2023	4	12/01/2051	98.882	4.067	12/01/2051	100	100000	Inter-dealer trade
12/01/2023 10:06:49 AM	2023	4	12/01/2042	102.04	3.73	12/01/2032	100	70000	Customer bought
12/01/2023 10:06:49 AM	2023	4	12/01/2042	102.04	3.73	12/01/2032	100	70000	Inter-dealer trade
12/01/2023 09:23:44 AM	2023	4	12/01/2053	98.113	4.11	12/01/2053	100	5000	Customer bought
12/01/2023 09:23:44 AM	2023	4	12/01/2053	98.113	4.11	12/01/2053	100	5000	Inter-dealer trade
12/01/2023 08:57:03 AM	2023	4	12/01/2053	98.113	4.11	12/01/2053	100	50000	Inter-dealer trade
12/01/2023 08:57:03 AM	2023	4	12/01/2053	97.988	4.117	12/01/2053	100	50000	Inter-dealer trade
12/01/2023 08:57:02 AM	2023	4	12/01/2053	100	4	12/01/2032	100	50000	Customer bought
12/01/2023 08:57:02 AM	2023	4	12/01/2053	98.488	4.088	12/01/2053	100	50000	Inter-dealer trade
12/01/2023 07:35:52 AM	2023	4	12/01/2044	101.127	3.85	12/01/2032	100	50000	Inter-dealer trade
12/01/2023 07:35:52 AM	2023	4	12/01/2044	101.127	3.85	12/01/2032	100	50000	Customer bought
12/01/2023 07:35:48 AM	2023	4	12/01/2048	99.529	4.03	12/01/2048	100	100000	Customer bought
12/01/2023 07:35:48 AM	2023	4	12/01/2048	99.529	4.03	12/01/2048	100	100000	Inter-dealer trade
11/30/2023 04:55:58 PM	2022	4	10/15/2040	101.578	3.766	10/15/2031	100	65000	Customer bought
11/30/2023 04:55:00 PM	2022	4	10/15/2040	101.578	3.766	10/15/2031	100	65000	Inter-dealer trade
11/30/2023 04:37:17 PM	2023	4	12/01/2048	99.529	4.03	12/01/2048	100	5000	Customer bought
11/30/2023 04:37:17 PM	2023	4	12/01/2048	99.529	4.03	12/01/2048	100	5000	Inter-dealer trade
11/30/2023 03:40:30 PM	2023	4	12/01/2047	100.148	3.98	12/01/2032	100	50000	Customer bought
11/30/2023 03:40:30 PM	2023	4	12/01/2047	100.148	3.98	12/01/2032	100	50000	Inter-dealer trade
11/30/2023 02:41:13 PM	2022	4	10/15/2040	100.831	3.876	10/15/2031	100	65000	Inter-dealer trade
11/30/2023 02:41:13 PM	2022	4	10/15/2040	100.327	3.951	10/15/2031	100	65000	Customer sold
11/30/2023 02:37:56 PM	2023	4	12/01/2053	98.113	4.11	12/01/2053	100	50000	Customer bought
11/30/2023 02:37:52 PM	2023	4	12/01/2053	98.113	4.11	12/01/2053	100	50000	Inter-dealer trade
11/30/2023 12:52:40 PM	2021	2	09/15/2036	75.855	4.505	09/15/2036	100	10000	Customer sold
11/30/2023 12:52:40 PM	2021	2	09/15/2036	75.855	4.505	09/15/2036	100	10000	Inter-dealer trade
11/30/2023 12:49:30 PM	2023	4	12/01/2048	99.529	4.03	12/01/2048	100	5000	Customer bought
11/30/2023 12:49:30 PM	2023	4	12/01/2048	99.529	4.03	12/01/2048	100	5000	Inter-dealer trade
11/30/2023 12:10:28 PM	2023	4	12/01/2053	98.313	4.098	12/01/2053	100	5000	Customer bought
11/30/2023 12:10:25 PM	2023	4	12/01/2053	98.113	4.11	12/01/2053	100	5000	Inter-dealer trade
11/30/2023 12:10:25 PM	2023	4	12/01/2053	97.613	4.14	12/01/2053	100	5000	Inter-dealer trade
11/30/2023 11:51:31 AM	2023	4	12/01/2053	98.113	4.11	12/01/2053	100	45000	Customer bought
11/30/2023 11:51:31 AM	2023	4	12/01/2053	98.113	4.11	12/01/2053	100	45000	Inter-dealer trade
11/30/2023 11:36:12 AM	2017	5	12/01/2026	106.104	2.862	12/01/2026	100	15000	Customer sold
11/30/2023 11:36:01 AM	2023	4	12/01/2048	99.529	4.03	12/01/2048	100	50000	Inter-dealer trade
11/30/2023 11:36:01 AM	2023	4	12/01/2048	99.529	4.03	12/01/2048	100	50000	Customer bought
11/30/2023 11:18:11 AM	2021	2	09/15/2031	82.8	4.661	09/15/2031	100	5000	Inter-dealer trade
11/30/2023 11:18:11 AM	2021	2	09/15/2031	82.625	4.691	09/15/2031	100	5000	Customer sold
11/30/2023 10:11:08 AM	2023	5	12/01/2024	101.986	2.888	12/01/2024	100	170000	Customer bought
11/30/2023 10:09:53 AM	2023	4	12/01/2043	101.582	3.79	12/01/2032	100	625000	Customer bought
11/30/2023 10:09:06 AM	2023	4	12/01/2042	102.04	3.73	12/01/2032	100	30000	Customer bought
11/30/2023 09:39:42 AM	2023	4	12/01/2050	98.697	4.08	12/01/2050	100	100000	Inter-dealer trade
11/30/2023 09:39:42 AM	2023	4	12/01/2050	98.697	4.08	12/01/2050	100	100000	Customer bought
11/30/2023 08:59:21 AM	2022	4	10/15/2031	106.991	2.87	10/15/2030	100	25000	Customer bought
11/30/2023 08:09:32 AM	2023	4	12/01/2040	103.273	3.57	12/01/2032	100	590000	Customer bought
11/30/2023 07:37:21 AM	2023	4	12/01/2048	99.529	4.03	12/01/2048	100	5000	Customer bought
11/30/2023 07:37:21 AM	2023	4	12/01/2048	99.529	4.03	12/01/2048	100	5000	Inter-dealer trade
11/30/2023 07:37:20 AM	2023	5	12/01/2024	101.973	2.902	12/01/2024	100	20000	Inter-dealer trade
11/30/2023 07:37:20 AM	2023	5	12/01/2024	101.973	2.902	12/01/2024	100	20000	Customer bought
11/30/2023 07:37:17 AM	2023	4	12/01/2041	102.577	3.66	12/01/2032	100	5000	Inter-dealer trade
11/30/2023 07:37:17 AM	2023	4	12/01/2041	102.577	3.66	12/01/2032	100	5000	Customer bought
11/30/2023 07:37:15 AM	2023	4	12/01/2041	102.577	3.66	12/01/2032	100	100000	Inter-dealer trade
11/30/2023 07:37:15 AM	2023	4	12/01/2041	102.577	3.66	12/01/2032	100	100000	Customer bought
11/30/2023 07:37:13 AM	2023	4	12/01/2052	98.312	4.1	12/01/2052	100	20000	Customer bought
11/30/2023 07:37:13 AM	2023	4	12/01/2052	98.312	4.1	12/01/2052	100	20000	Inter-dealer trade
11/30/2023 07:37:11 AM	2023	4	12/01/2053	98.113	4.11	12/01/2053	100	10000	Customer bought
11/30/2023 07:37:11 AM	2023	4	12/01/2053	98.113	4.11	12/01/2053	100	10000	Inter-dealer trade
11/30/2023 07:37:09 AM	2023	5	12/01/2024	101.973	2.902	12/01/2024	100	5000	Customer bought
11/30/2023 07:37:09 AM	2023	5	12/01/2024	101.973	2.902	12/01/2024	100	5000	Inter-dealer trade
11/30/2023 07:37:07 AM	2023	5	12/01/2024	101.973	2.902	12/01/2024	100	25000	Inter-dealer trade
11/30/2023 07:37:07 AM	2023	5	12/01/2024	101.973	2.902	12/01/2024	100	25000	Customer bought
11/30/2023 07:37:06 AM	2023	4	12/01/2048	99.529	4.03	12/01/2048	100	35000	Inter-dealer trade
11/30/2023 07:37:06 AM	2023	4	12/01/2048	99.529	4.03	12/01/2048	100	35000	Customer bought
11/30/2023 07:37:04 AM	2023	5	12/01/2024	101.973	2.902	12/01/2024	100	35000	Inter-dealer trade
11/30/2023 07:37:04 AM	2023	5	12/01/2024	101.973	2.902	12/01/2024	100	35000	Customer bought
11/29/2023 04:49:49 PM	2023	5	12/01/2024	101.973	2.902	12/01/2024	100	10000	Customer bought
11/29/2023 04:49:49 PM	2023	5	12/01/2024	101.973	2.902	12/01/2024	100	10000	Inter-dealer trade
11/29/2023 04:36:50 PM	2023	4	12/01/2050	98.697	4.08	12/01/2050	100	60000	Customer bought
11/29/2023 04:36:50 PM	2023	4	12/01/2050	98.697	4.08	12/01/2050	100	60000	Inter-dealer trade
11/29/2023 04:32:17 PM	2023	4	12/01/2050	98.697	4.08	12/01/2050	100	100000	Customer bought
11/29/2023 04:32:17 PM	2023	4	12/01/2050	98.697	4.08	12/01/2050	100	100000	Inter-dealer trade
11/29/2023 04:28:23 PM	2023	4	12/01/2040	103.273	3.57	12/01/2032	100	15000	Customer bought
11/29/2023 04:27:58 PM	2023	4	12/01/2036	107.24	3.07	12/01/2032	100	115000	Customer bought
11/29/2023 04:27:57 PM	2023	4	12/01/2037	105.872	3.24	12/01/2032	100	75000	Customer bought
11/29/2023 04:27:28 PM	2023	4	12/01/2038	104.76	3.38	12/01/2032	100	40000	Customer bought
11/29/2023 04:27:28 PM	2023	4	12/01/2039	104.053	3.47	12/01/2032	100	150000	Customer bought
11/29/2023 04:25:56 PM	2023	4	12/01/2035	108.547	2.91	12/01/2032	100	100000	Customer bought
11/29/2023 04:24:56 PM	2023	5	12/01/2034	118.645	2.65	12/01/2032	100	350000	Customer bought
11/29/2023 04:23:04 PM	2023	5	12/01/2033	119.437	2.56	12/01/2032	100	250000	Customer bought
11/29/2023 04:22:37 PM	2023	4	12/01/2053	98.113	4.11	12/01/2053	100	10000	Customer bought
11/29/2023 04:22:37 PM	2023	4	12/01/2053	98.113	4.11	12/01/2053	100	10000	Inter-dealer trade
11/29/2023 04:19:58 PM	2023	5	12/01/2028	111.657	2.49	12/01/2028	100	400000	Customer bought
11/29/2023 04:19:33 PM	2023	5	12/01/2029	113.717	2.51	12/01/2029	100	400000	Customer bought
11/29/2023 04:18:13 PM	2023	5	12/01/2030	115.684	2.53	12/01/2030	100	400000	Customer bought
11/29/2023 04:17:52 PM	2023	5	12/01/2032	119.437	2.56	12/01/2032	100	400000	Customer bought
11/29/2023 04:17:32 PM	2023	5	12/01/2031	117.64	2.54	12/01/2031	100	235000	Customer bought
11/29/2023 04:16:38 PM	2023	5	12/01/2024	101.973	2.902	12/01/2024	100	5000	Customer bought
11/29/2023 04:16:38 PM	2023	5	12/01/2024	101.973	2.902	12/01/2024	100	5000	Inter-dealer trade
11/29/2023 04:15:17 PM	2023	5	12/01/2026	106.779	2.61	12/01/2026	100	100000	Customer bought
11/29/2023 04:14:14 PM	2023	5	12/01/2027	109.186	2.55	12/01/2027	100	65000	Customer bought
11/29/2023 04:12:59 PM	2023	5	12/01/2026	106.779	2.61	12/01/2026	100	435000	Customer bought
11/29/2023 04:12:36 PM	2023	5	12/01/2027	109.186	2.55	12/01/2027	100	300000	Customer bought
11/29/2023 04:10:42 PM	2023	5	12/01/2024	101.973	2.902	12/01/2024	100	100000	Inter-dealer trade
11/29/2023 04:10:42 PM	2023	5	12/01/2024	101.973	2.902	12/01/2024	100	100000	Customer bought
11/29/2023 04:04:46 PM	2023	4	12/01/2043	101.582	3.79	12/01/2032	100	25000	Inter-dealer trade
11/29/2023 04:04:46 PM	2023	4	12/01/2043	101.582	3.79	12/01/2032	100	25000	Customer bought
11/29/2023 04:04:39 PM	2023	5	12/01/2031	117.64	2.54	12/01/2031	100	150000	Customer bought
11/29/2023 04:04:36 PM	2023	5	12/01/2033	119.437	2.56	12/01/2032	100	150000	Customer bought
11/29/2023 04:04:25 PM	2023	5	12/01/2028	111.657	2.49	12/01/2028	100	145000	Customer bought
11/29/2023 04:04:23 PM	2023	5	12/01/2029	113.717	2.51	12/01/2029	100	150000	Customer bought
11/29/2023 04:04:20 PM	2023	5	12/01/2034	118.645	2.65	12/01/2032	100	195000	Customer bought
11/29/2023 04:04:19 PM	2023	4	12/01/2036	107.24	3.07	12/01/2032	100	455000	Customer bought
11/29/2023 04:04:18 PM	2023	5	12/01/2030	115.684	2.53	12/01/2030	100	155000	Customer bought
11/29/2023 04:04:16 PM	2023	4	12/01/2035	108.547	2.91	12/01/2032	100	455000	Customer bought
11/29/2023 04:04:15 PM	2023	4	12/01/2037	105.872	3.24	12/01/2032	100	505000	Customer bought
11/29/2023 04:03:58 PM	2023	5	12/01/2027	109.186	2.55	12/01/2027	100	175000	Customer bought
11/29/2023 04:03:39 PM	2023	4	12/01/2038	104.76	3.38	12/01/2032	100	550000	Customer bought
11/29/2023 04:03:23 PM	2023	4	12/01/2039	104.053	3.47	12/01/2032	100	445000	Customer bought
11/29/2023 04:03:06 PM	2023	5	12/01/2031	117.64	2.54	12/01/2031	100	150000	Customer bought
11/29/2023 04:02:50 PM	2023	5	12/01/2032	119.437	2.56	12/01/2032	100	145000	Customer bought
11/29/2023 04:02:27 PM	2023	5	12/01/2033	119.437	2.56	12/01/2032	100	150000	Customer bought
11/29/2023 04:02:05 PM	2023	4	12/01/2042	102.04	3.73	12/01/2032	100	215000	Customer bought
11/29/2023 04:01:05 PM	2023	4	12/01/2053	97.613	4.14	12/01/2053	100	300000	Inter-dealer trade
11/29/2023 04:01:01 PM	2023	4	12/01/2052	97.812	4.13	12/01/2052	100	200000	Inter-dealer trade
11/29/2023 04:00:59 PM	2023	5	12/01/2025	104.241	2.769	12/01/2025	100	525000	Inter-dealer trade
11/29/2023 04:00:00 PM	2023	5	12/01/2025	104.316	2.73	12/01/2025	100	525000	Customer bought
11/29/2023 11:44:31 AM	2022	4	10/15/2031	106.002	3.026	10/15/2030	100	25000	Customer sold
11/28/2023 11:13:05 AM	2022	4	10/15/2031	105.976	3.03	10/15/2030	100	15000	Customer bought
11/28/2023 11:07:00 AM	2022	4	10/15/2031	105.912	3.04	10/15/2030	100	15000	Inter-dealer trade
11/28/2023 10:30:42 AM	2021	5	09/15/2027	107.785	2.819	09/15/2027	100	135000	Customer bought
11/28/2023 10:30:39 AM	2021	5	09/15/2027	107.77	2.824	09/15/2027	100	135000	Customer sold
11/28/2023 09:47:45 AM	2019	5	09/01/2028	110.431	2.649	09/01/2028	100	175000	Customer bought
11/27/2023 11:58:09 AM	2021	2	09/15/2036	75.054	4.601	09/15/2036	100	125000	Customer sold
11/27/2023 11:58:09 AM	2021	2	09/15/2036	75.054	4.601	09/15/2036	100	125000	Inter-dealer trade
11/27/2023 11:36:40 AM	2019	5	09/01/2028	109.821	2.78	09/01/2028	100	175000	Customer sold
11/27/2023 11:23:01 AM	2021	2	09/15/2031	84.103	4.434	09/15/2031	100	130000	Inter-dealer trade
11/27/2023 11:23:01 AM	2021	2	09/15/2031	84.103	4.434	09/15/2031	100	130000	Customer sold
11/27/2023 09:33:23 AM	2017	5	12/01/2024	101.697	3.27	12/01/2024	100	100000	Customer bought
11/22/2023 03:13:00 PM	2017	5	12/01/2024	101.486	3.491	12/01/2024	100	100000	Inter-dealer trade
11/22/2023 03:13:00 PM	2017	5	12/01/2024	101.386	3.591	12/01/2024	100	100000	Customer sold
11/22/2023 02:12:43 PM	2017	3	12/01/2033	90.654	4.15	12/01/2033	100	20000	Customer sold
11/22/2023 02:12:43 PM	2017	3	12/01/2033	91.004	4.105	12/01/2033	100	20000	Inter-dealer trade
11/22/2023 02:12:43 PM	2017	3	12/01/2033	90.754	4.137	12/01/2033	100	20000	Inter-dealer trade
11/22/2023 02:12:43 PM	2017	3	12/01/2033	90.754	4.137	12/01/2033	100	20000	Inter-dealer trade
11/22/2023 12:37:00 PM	2022	4	10/15/2031	105.728	3.07	10/15/2030	100	60000	Customer bought
11/22/2023 11:45:00 AM	2022	4	10/15/2031	105.474	3.11	10/15/2030	100	75000	Customer sold
11/22/2023 09:53:38 AM	2022	5	10/15/2030	113.037	2.897	10/15/2030	100	35000	Customer bought
11/22/2023 09:53:36 AM	2022	5	10/15/2030	112.98	2.905	10/15/2030	100	35000	Customer sold
11/21/2023 12:31:10 PM	2021	5	09/15/2028	108.932	2.991	09/15/2028	100	30000	Customer sold
11/21/2023 12:31:10 PM	2021	5	09/15/2028	109.057	2.964	09/15/2028	100	30000	Customer bought
11/21/2023 11:16:04 AM	2019	5	09/01/2026	104.935	3.124	09/01/2026	100	15000	Customer sold
11/20/2023 03:57:03 PM	2017	5	12/01/2028	107.844	2.92	12/01/2027	100	475000	Customer bought
11/20/2023 11:21:14 AM	2017	5	12/01/2023	99.982	5.462	12/01/2023	100	10000	Customer sold
11/20/2023 11:21:14 AM	2017	5	12/01/2023	99.982	5.462	12/01/2023	100	10000	Inter-dealer trade
11/20/2023 11:21:11 AM	2017	5	12/01/2028	107.828	2.924	12/01/2027	100	475000	Customer sold
11/17/2023 03:24:23 PM	2019	5	09/01/2026	105.451	2.94	09/01/2026	100	750000	Customer bought
11/17/2023 11:27:34 AM	2019	5	09/01/2026	105.44	2.944	09/01/2026	100	750000	Customer sold
11/17/2023 09:35:22 AM	2019	5	09/01/2025	103.239	3.11	09/01/2025	100	50000	Customer bought
11/16/2023 03:58:32 PM	2019	5	09/01/2025	102.75	3.392	09/01/2025	100	50000	Customer sold
11/16/2023 03:47:03 PM	2019	5	09/01/2025	102.85	3.335	09/01/2025	100	50000	Inter-dealer trade
11/16/2023 01:58:34 PM	2022	4	10/15/2031	105.36	3.13	10/15/2030	100	100000	Customer sold
11/16/2023 01:46:33 PM	2022	4	10/15/2031	105.425	3.12	10/15/2030	100	100000	Customer bought
11/15/2023 02:35:27 PM	2021	5	09/15/2030	109.619	3.178	09/15/2029	100	20000	Customer sold
11/15/2023 09:30:31 AM	2010	2.875	08/15/2024	99.381	3.721	08/15/2024	100	10000	Inter-dealer trade
11/15/2023 09:30:30 AM	2010	2.875	08/15/2024	99.431	3.652	08/15/2024	100	10000	Customer bought
11/15/2023 09:30:30 AM	2010	2.875	08/15/2024	99.431	3.652	08/15/2024	100	10000	Inter-dealer trade
11/14/2023 08:18:49 AM	2019	5	09/01/2029	108.349	3.11	09/01/2028	100	20000	Customer bought
11/14/2023 08:00:58 AM	2021	5	09/15/2030	110.059	3.1	09/15/2029	100	70000	Customer bought
11/13/2023 03:31:50 PM	2021	2	09/15/2031	80.021	5.129	09/15/2031	100	5000	Customer sold
11/13/2023 03:31:50 PM	2021	2	09/15/2031	80.221	5.093	09/15/2031	100	5000	Inter-dealer trade
11/13/2023 03:31:48 PM	2021	2	09/15/2031	80.421	5.058	09/15/2031	100	5000	Customer bought
11/13/2023 11:07:55 AM	2022	5	10/15/2029	110.155	3.108	10/15/2029	100	25000	Customer sold
11/13/2023 08:50:24 AM	2022	4	10/15/2032	103.045	3.5	10/15/2030	100	30000	Customer bought
11/10/2023 02:05:39 PM	2022	4	10/15/2031	103.857	3.37	10/15/2030	100	50000	Inter-dealer trade
11/10/2023 02:05:38 PM	2022	4	10/15/2031	103.869	3.368	10/15/2030	100	50000	Customer bought
11/10/2023 01:40:33 PM	2019	5	09/01/2029	108.729	3.03	09/01/2028	100	50000	Customer bought
11/10/2023 01:40:31 PM	2019	5	09/01/2029	108.729	3.03	09/01/2028	100	50000	Inter-dealer trade
11/10/2023 11:13:10 AM	2010	2.875	08/15/2024	99.09	4.11	08/15/2024	100	10000	Customer sold
11/10/2023 11:13:10 AM	2010	2.875	08/15/2024	99.09	4.11	08/15/2024	100	10000	Inter-dealer trade
11/10/2023 09:27:49 AM	2021	2	09/15/2034	76.13	4.859	09/15/2034	100	15000	Inter-dealer trade
11/10/2023 09:27:49 AM	2021	2	09/15/2034	76.065	4.868	09/15/2034	100	15000	Customer sold
11/10/2023 09:27:49 AM	2021	2	09/15/2034	77.63	4.651	09/15/2034	100	15000	Customer bought
11/10/2023 09:27:00 AM	2021	2	09/15/2034	76.13	4.859	09/15/2034	100	15000	Inter-dealer trade
11/10/2023 08:47:19 AM	2019	3	09/01/2038	77.16	5.237	09/01/2038	100	25000	Inter-dealer trade
11/10/2023 08:47:17 AM	2019	3	09/01/2038	77.41	5.208	09/01/2038	100	25000	Customer bought
11/09/2023 02:40:07 PM	2019	3	09/01/2038	76.76	5.282	09/01/2038	100	25000	Inter-dealer trade
11/09/2023 02:40:07 PM	2019	3	09/01/2038	76.61	5.3	09/01/2038	100	25000	Customer sold
11/09/2023 01:40:32 PM	2017	5	12/01/2028	106.524	3.267	12/01/2027	100	50000	Customer sold
11/09/2023 01:40:32 PM	2017	5	12/01/2028	106.624	3.241	12/01/2027	100	50000	Customer bought
11/09/2023 01:40:29 PM	2022	4	10/15/2032	102.17	3.642	10/15/2030	100	30000	Customer sold
11/09/2023 01:40:27 PM	2022	4	10/15/2031	102.948	3.516	10/15/2030	100	50000	Customer sold
11/09/2023 11:50:21 AM	2021	2	09/15/2034	76.162	4.854	09/15/2034	100	30000	Inter-dealer trade
11/09/2023 11:50:21 AM	2021	2	09/15/2034	75.912	4.889	09/15/2034	100	30000	Customer sold
11/09/2023 11:50:20 AM	2021	2	09/15/2034	76.948	4.745	09/15/2034	100	30000	Customer bought
11/09/2023 11:50:20 AM	2021	2	09/15/2034	76.448	4.814	09/15/2034	100	30000	Inter-dealer trade
11/09/2023 11:17:05 AM	2021	5	09/15/2030	109.725	3.162	09/15/2029	100	70000	Customer sold
11/09/2023 11:12:10 AM	2019	5	09/01/2027	106.634	3.137	09/01/2027	100	25000	Customer sold
11/09/2023 11:11:03 AM	2021	5	09/15/2028	108.366	3.123	09/15/2028	100	15000	Customer sold
11/09/2023 11:11:03 AM	2021	5	09/15/2028	108.566	3.08	09/15/2028	100	15000	Customer bought
11/09/2023 10:53:31 AM	2021	2	09/15/2034	76.061	4.868	09/15/2034	100	40000	Customer sold
11/09/2023 10:53:31 AM	2021	2	09/15/2034	76.126	4.859	09/15/2034	100	40000	Inter-dealer trade
11/09/2023 10:53:31 AM	2021	2	09/15/2034	76.226	4.845	09/15/2034	100	40000	Customer bought
11/08/2023 01:39:19 PM	2021	2	09/15/2036	70.529	5.167	09/15/2036	100	25000	Inter-dealer trade
11/08/2023 01:39:19 PM	2021	2	09/15/2036	70.599	5.158	09/15/2036	100	25000	Customer bought
11/08/2023 01:39:19 PM	2021	2	09/15/2036	70.529	5.167	09/15/2036	100	25000	Customer sold
11/08/2023 11:43:42 AM	2019	5	09/01/2029	108.064	3.178	09/01/2028	100	70000	Customer sold
11/08/2023 09:42:32 AM	2017	4	12/01/2030	102.026	3.46	12/01/2027	100	50000	Customer bought
11/08/2023 09:32:02 AM	2017	4	12/01/2030	101.928	3.486	12/01/2027	100	50000	Inter-dealer trade
11/07/2023 04:24:28 PM	2021	5	09/15/2030	109.921	3.13	09/15/2029	100	195000	Inter-dealer trade
11/07/2023 04:24:27 PM	2021	5	09/15/2030	109.932	3.128	09/15/2029	100	195000	Customer bought
11/07/2023 02:42:38 PM	2021	5	09/15/2030	109.334	3.235	09/15/2029	100	70000	Inter-dealer trade
11/07/2023 02:42:28 PM	2021	5	09/15/2030	108.884	3.316	09/15/2029	100	70000	Inter-dealer trade
11/07/2023 02:42:28 PM	2021	5	09/15/2030	108.784	3.334	09/15/2029	100	70000	Customer sold
11/07/2023 02:42:28 PM	2021	5	09/15/2030	109.134	3.271	09/15/2029	100	70000	Inter-dealer trade
11/07/2023 01:29:04 PM	2021	5	09/15/2030	109.434	3.217	09/15/2029	100	115000	Customer sold
11/06/2023 12:10:29 PM	2021	5	09/15/2028	107.749	3.26	09/15/2028	100	30000	Inter-dealer trade
11/06/2023 12:10:23 PM	2021	5	09/15/2028	107.834	3.241	09/15/2028	100	30000	Customer bought
11/06/2023 11:18:21 AM	2022	4	10/15/2031	102.433	3.6	10/15/2030	100	10000	Inter-dealer trade
11/06/2023 11:18:20 AM	2022	4	10/15/2031	102.433	3.6	10/15/2030	100	10000	Customer bought
11/03/2023 01:24:01 PM	2021	2	09/15/2031	79.1	5.285	09/15/2031	100	5000	Customer sold
11/03/2023 01:24:01 PM	2021	2	09/15/2031	79.1	5.285	09/15/2031	100	5000	Inter-dealer trade
11/03/2023 01:24:01 PM	2021	2	09/15/2031	79.24	5.26	09/15/2031	100	5000	Customer bought
11/03/2023 10:05:49 AM	2021	5	09/15/2025	102.74	3.46	09/15/2025	100	200000	Customer bought
11/02/2023 03:23:55 PM	2021	5	09/15/2025	102.599	3.54	09/15/2025	100	200000	Customer sold
11/02/2023 10:18:52 AM	2017	4	12/01/2030	100.543	3.854	12/01/2027	100	50000	Customer sold
11/02/2023 10:18:52 AM	2017	4	12/01/2030	100.643	3.827	12/01/2027	100	50000	Inter-dealer trade
11/02/2023 08:08:01 AM	2017	5	12/01/2028	105.48	3.541	12/01/2027	100	35000	Inter-dealer trade
11/02/2023 08:08:01 AM	2017	5	12/01/2028	105.48	3.541	12/01/2027	100	35000	Customer bought
11/02/2023 07:38:47 AM	2012 SERIES A	2	11/15/2023	100	1.982	11/14/2023	100	50000	Customer sold
11/01/2023 04:20:13 PM	2017	5	12/01/2028	104.33	3.842	12/01/2027	100	35000	Customer sold
11/01/2023 04:00:32 PM	2021	5	09/15/2028	106.267	3.584	09/15/2028	100	30000	Customer sold
11/01/2023 11:56:06 AM	2021	5	09/15/2030	106.98	3.666	09/15/2029	100	10000	Customer sold
11/01/2023 10:06:49 AM	2022	5	10/15/2030	109.264	3.487	10/15/2030	100	155000	Customer bought
11/01/2023 10:06:44 AM	2022	5	10/15/2030	109.249	3.489	10/15/2030	100	155000	Customer sold
